Order ID,Order Date,Customer ID,Quantity,Size,Unit Price,Sales,Tipe Kopi,Ukuran,Kategori
QEV-37451-860,9/5/2019,17670-51384-MA,2,1,9.95,19.9,R,M,Cukup Laris
QEV-37451-860,9/5/2019,17670-51384-MA,5,0.5,8.25,41.25,E,M,Sangat Laris
FAA-43335-268,6/17/2021,21125-22134-PX,1,1,12.95,12.95,A,L,Kurang Laris
KAC-83089-793,7/15/2021,23806-46781-OU,2,1,13.75,27.5,E,M,Cukup Laris
KAC-83089-793,7/15/2021,23806-46781-OU,2,2.5,27.485,54.97,R,L,Sangat Laris
CVP-18956-553,8/4/2021,86561-91660-RB,3,1,12.95,38.85,L,D,Sangat Laris
IPP-31994-879,1/21/2022,65223-29612-CB,3,0.5,7.29,21.87,E,D,Cukup Laris
SNZ-65340-705,5/20/2022,21134-81676-FR,1,0.2,4.755,4.755,L,L,Kurang Laris
EZT-46571-659,1/2/2019,03396-68805-ZC,3,0.5,5.97,17.91,R,M,Cukup Laris
NWQ-70061-912,9/5/2019,61021-27840-ZN,1,0.5,5.97,5.97,R,M,Kurang Laris
BKK-47233-845,3/8/2021,76239-90137-UQ,4,1,9.95,39.8,A,D,Sangat Laris
VQR-01002-970,10/28/2020,49315-21985-BB,5,2.5,34.155,170.775,E,L,Sangat Laris
SZW-48378-399,7/2/2022,34136-36674-OM,5,1,9.95,49.75,R,M,Sangat Laris
ITA-87418-783,5/22/2020,39396-12890-PE,2,2.5,20.585,41.17,R,D,Sangat Laris
GNZ-46006-527,4/5/2022,95875-73336-RG,3,0.2,3.885,11.655,L,D,Kurang Laris
FYQ-78248-319,6/7/2022,25473-43727-BY,5,2.5,22.885,114.425,R,M,Sangat Laris
VAU-44387-624,3/20/2019,99643-51048-IQ,6,0.2,3.375,20.25,A,M,Cukup Laris
RDW-33155-159,10/19/2019,62173-15287-CU,6,1,12.95,77.7,A,L,Sangat Laris
TDZ-59011-211,6/13/2019,57611-05522-ST,4,2.5,20.585,82.34,R,D,Sangat Laris
IDU-25793-399,12/4/2020,76664-37050-DT,5,0.2,3.375,16.875,A,M,Cukup Laris
IDU-25793-399,12/4/2020,76664-37050-DT,4,0.2,3.645,14.58,E,D,Kurang Laris
NUO-20013-488,12/4/2020,03090-88267-BQ,6,0.2,2.985,17.91,A,D,Cukup Laris
UQU-65630-479,1/22/2021,37651-47492-NC,4,2.5,22.885,91.54,R,M,Sangat Laris
FEO-11834-332,2/11/2022,95399-57205-HI,4,0.2,2.985,11.94,A,D,Kurang Laris
TKY-71558-096,9/15/2021,24010-66714-HW,1,1,11.25,11.25,A,M,Kurang Laris
OXY-65322-253,10/24/2020,07591-92789-UA,3,0.2,4.125,12.375,E,M,Kurang Laris
EVP-43500-491,2/20/2019,49231-44455-IC,4,0.5,6.75,27,A,M,Cukup Laris
WAG-26945-689,10/8/2019,50124-88608-EO,5,0.2,3.375,16.875,A,M,Cukup Laris
CHE-78995-767,8/2/2022,00888-74814-UZ,3,0.5,5.97,17.91,A,D,Cukup Laris
RYZ-14633-602,2/20/2019,14158-30713-OB,4,1,9.95,39.8,A,D,Sangat Laris
WOQ-36015-429,9/25/2021,51427-89175-QJ,5,0.2,4.365,21.825,L,M,Cukup Laris
WOQ-36015-429,9/25/2021,51427-89175-QJ,6,0.5,5.97,35.82,A,D,Sangat Laris
WOQ-36015-429,9/25/2021,51427-89175-QJ,6,0.5,8.73,52.38,L,M,Sangat Laris
SCT-60553-454,7/17/2021,39123-12846-YJ,5,0.2,4.755,23.775,L,L,Cukup Laris
GFK-52063-244,6/29/2020,44981-99666-XB,6,0.5,9.51,57.06,L,L,Sangat Laris
AMM-79521-378,6/1/2021,24825-51803-CQ,6,0.5,5.97,35.82,A,D,Sangat Laris
QUQ-90580-772,2/6/2021,77634-13918-GJ,2,0.2,4.365,8.73,L,M,Kurang Laris
LGD-24408-274,4/25/2019,13694-25001-LX,3,0.5,9.51,28.53,L,L,Cukup Laris
HCT-95608-959,4/25/2020,08523-01791-TI,5,2.5,22.885,114.425,R,M,Sangat Laris
OFX-99147-470,11/24/2021,49860-68865-AB,6,1,9.95,59.7,R,M,Sangat Laris
LUO-37559-016,4/19/2021,21240-83132-SP,3,1,14.55,43.65,L,M,Sangat Laris
XWC-20610-167,7/7/2022,08350-81623-TF,2,0.2,3.645,7.29,E,D,Kurang Laris
GPU-79113-136,5/22/2019,73284-01385-SJ,3,0.2,2.685,8.055,R,D,Kurang Laris
ULR-52653-960,10/4/2021,04152-34436-IE,2,2.5,36.455,72.91,L,L,Sangat Laris
HPI-42308-142,4/11/2020,06631-86965-XP,2,0.5,8.25,16.5,E,M,Cukup Laris
XHI-30227-581,1/31/2022,54619-08558-ZU,6,2.5,29.785,178.71,L,D,Sangat Laris
DJH-05202-380,11/7/2019,85589-17020-CX,2,2.5,31.625,63.25,E,M,Sangat Laris
VMW-26889-781,6/28/2019,36078-91009-WU,2,0.2,3.885,7.77,A,L,Kurang Laris
DBU-81099-586,9/11/2020,15770-27099-GX,4,2.5,22.885,91.54,A,D,Sangat Laris
PQA-54820-810,8/17/2022,91460-04823-BX,3,1,12.95,38.85,A,L,Sangat Laris
XKB-41924-202,8/19/2022,45089-52817-WN,2,0.5,7.77,15.54,L,D,Kurang Laris
DWZ-69106-473,5/15/2019,76447-50326-IC,4,2.5,36.455,145.82,L,L,Sangat Laris
YHV-68700-050,9/11/2019,26333-67911-OL,5,0.5,5.97,29.85,R,M,Sangat Laris
YHV-68700-050,9/11/2019,26333-67911-OL,2,2.5,36.455,72.91,L,L,Sangat Laris
KRB-88066-642,3/16/2021,22107-86640-SB,5,1,14.55,72.75,L,M,Sangat Laris
LQU-08404-173,12/3/2020,09960-34242-LZ,3,1,15.85,47.55,L,L,Sangat Laris
CWK-60159-881,1/27/2020,04671-85591-RT,3,0.2,3.645,10.935,E,D,Kurang Laris
EEG-74197-843,7/17/2022,25729-68859-UA,4,1,14.85,59.4,E,L,Sangat Laris
UCZ-59708-525,3/4/2022,05501-86351-NX,3,2.5,29.785,89.355,L,D,Sangat Laris
HUB-47311-849,12/7/2021,04521-04300-OK,3,0.5,8.73,26.19,L,M,Cukup Laris
WYM-17686-694,2/25/2021,58689-55264-VK,5,2.5,22.885,114.425,A,D,Sangat Laris
ZYQ-15797-695,2/25/2019,79436-73011-MM,5,0.5,5.37,26.85,R,D,Cukup Laris
EEJ-16185-108,2/9/2019,65552-60476-KY,5,0.2,4.755,23.775,L,L,Cukup Laris
RWR-77888-800,2/7/2020,69904-02729-YS,1,0.5,6.75,6.75,A,M,Kurang Laris
LHN-75209-742,3/23/2020,01433-04270-AX,6,0.5,5.97,35.82,R,M,Sangat Laris
TIR-71396-998,3/6/2022,14204-14186-LA,4,2.5,20.585,82.34,R,D,Sangat Laris
RXF-37618-213,4/15/2022,32948-34398-HC,1,0.5,7.17,7.17,R,L,Kurang Laris
ANM-16388-634,11/19/2021,77343-52608-FF,2,0.2,4.755,9.51,L,L,Kurang Laris
WYL-29300-070,10/16/2019,42770-36274-QA,1,0.2,2.985,2.985,R,M,Kurang Laris
JHW-74554-805,11/26/2019,14103-58987-ZU,6,1,9.95,59.7,R,M,Sangat Laris
KYS-27063-603,6/30/2019,69958-32065-SW,4,2.5,34.155,136.62,E,L,Sangat Laris
GAZ-58626-277,1/4/2021,69533-84907-FA,2,0.2,4.755,9.51,L,L,Kurang Laris
RPJ-37787-335,10/27/2020,76005-95461-CI,3,2.5,25.875,77.625,A,M,Sangat Laris
LEF-83057-763,6/15/2021,15395-90855-VB,5,0.2,4.365,21.825,L,M,Cukup Laris
RPW-36123-215,7/19/2021,80640-45811-LB,2,0.5,8.91,17.82,E,L,Cukup Laris
WLL-59044-117,7/23/2021,28476-04082-GR,6,1,8.95,53.7,R,D,Sangat Laris
AWT-22827-563,1/25/2020,12018-75670-EU,1,0.2,3.585,3.585,R,L,Kurang Laris
QLM-07145-668,5/9/2019,86437-17399-FK,2,0.2,3.645,7.29,E,D,Kurang Laris
HVQ-64398-930,3/30/2020,62979-53167-ML,6,0.5,6.75,40.5,A,M,Sangat Laris
WRT-40778-247,3/13/2022,54810-81899-HL,4,1,11.95,47.8,R,L,Sangat Laris
SUB-13006-125,4/17/2019,26103-41504-IB,5,0.5,7.77,38.85,A,L,Sangat Laris
CQM-49696-263,10/25/2019,76534-45229-SG,3,2.5,36.455,109.365,L,L,Sangat Laris
KXN-85094-246,9/13/2019,81744-27332-RR,3,2.5,33.465,100.395,L,M,Sangat Laris
XOQ-12405-419,4/12/2020,91513-75657-PH,4,2.5,20.585,82.34,R,D,Sangat Laris
HYF-10254-369,11/14/2019,30373-66619-CB,1,0.5,9.51,9.51,L,L,Kurang Laris
XXJ-47000-307,7/18/2019,31582-23562-FM,3,2.5,29.785,89.355,A,L,Sangat Laris
XXJ-47000-307,7/18/2019,31582-23562-FM,4,0.2,2.985,11.94,A,D,Kurang Laris
ZDK-82166-357,4/3/2021,81431-12577-VD,3,1,11.25,33.75,A,M,Sangat Laris
IHN-19982-362,3/29/2021,68894-91205-MP,3,1,11.95,35.85,R,L,Sangat Laris
VMT-10030-889,12/15/2021,87602-55754-VN,6,1,12.95,77.7,A,L,Sangat Laris
NHL-11063-100,5/20/2020,39181-35745-WH,4,1,12.95,51.8,A,L,Sangat Laris
ROV-87448-086,11/2/2020,30381-64762-NG,4,2.5,25.875,103.5,A,M,Sangat Laris
DGY-35773-612,7/25/2020,17503-27693-ZH,3,1,14.85,44.55,E,L,Sangat Laris
YWH-50638-556,3/14/2019,89442-35633-HJ,4,0.5,8.91,35.64,E,L,Sangat Laris
ISL-11200-600,7/2/2020,13654-85265-IL,6,0.2,2.985,17.91,A,D,Cukup Laris
LBZ-75997-047,12/17/2019,40946-22090-FP,6,2.5,25.875,155.25,A,M,Sangat Laris
EUH-08089-954,12/6/2020,29050-93691-TS,2,0.2,2.985,5.97,A,D,Kurang Laris
BLD-12227-251,3/4/2021,64395-74865-WF,2,0.5,6.75,13.5,A,M,Kurang Laris
OPY-30711-853,7/17/2021,81861-66046-SU,1,0.2,2.985,2.985,A,D,Kurang Laris
DBC-44122-300,11/4/2020,13366-78506-KP,3,0.2,4.365,13.095,L,M,Kurang Laris
FJQ-60035-234,4/5/2021,08847-29858-HN,2,0.2,3.885,7.77,A,L,Kurang Laris
HSF-66926-425,3/1/2020,00539-42510-RY,5,2.5,29.785,148.925,L,D,Sangat Laris
LQG-41416-375,10/19/2021,45190-08727-NV,3,1,12.95,38.85,L,D,Sangat Laris
VZO-97265-841,7/8/2022,87049-37901-FU,4,0.2,2.985,11.94,R,M,Kurang Laris
MOR-12987-399,8/17/2019,34015-31593-JC,6,1,14.55,87.3,L,M,Sangat Laris
UOA-23786-489,5/31/2020,90305-50099-SV,6,0.5,6.75,40.5,A,M,Sangat Laris
AJL-52941-018,5/5/2020,55871-61935-MF,2,1,12.15,24.3,E,D,Cukup Laris
XSZ-84273-421,4/14/2019,15405-60469-TM,3,0.5,5.97,17.91,R,M,Cukup Laris
NUN-48214-216,7/29/2020,06953-94794-FB,4,0.5,6.75,27,A,M,Cukup Laris
AKV-93064-769,12/12/2019,22305-40299-CY,1,0.5,7.77,7.77,L,D,Kurang Laris
BRB-40903-533,6/15/2022,09020-56774-GU,3,0.2,4.455,13.365,E,L,Kurang Laris
GPR-19973-483,6/26/2019,92926-08470-YS,5,0.5,5.37,26.85,R,D,Cukup Laris
XIY-43041-882,10/12/2021,07250-63194-JO,1,1,11.25,11.25,A,M,Kurang Laris
YGY-98425-969,4/1/2019,63787-96257-TQ,1,1,14.55,14.55,L,M,Kurang Laris
MSB-08397-648,3/10/2021,49530-25460-RW,4,0.2,3.585,14.34,R,L,Kurang Laris
WDR-06028-345,8/16/2019,66508-21373-OQ,1,1,15.85,15.85,L,L,Cukup Laris
MXM-42948-061,8/11/2020,20203-03950-FY,4,0.2,4.755,19.02,L,L,Cukup Laris
MGQ-98961-173,4/5/2022,83895-90735-XH,4,0.5,9.51,38.04,L,L,Sangat Laris
RFH-64349-897,10/22/2019,61954-61462-RJ,3,0.5,7.29,21.87,E,D,Cukup Laris
TKL-20738-660,10/2/2021,47939-53158-LS,1,0.2,4.125,4.125,E,M,Kurang Laris
TKL-20738-660,10/2/2021,47939-53158-LS,1,0.2,3.885,3.885,A,L,Kurang Laris
TKL-20738-660,10/2/2021,47939-53158-LS,5,1,13.75,68.75,E,M,Sangat Laris
GOW-03198-575,3/13/2021,61513-27752-FA,4,0.5,5.97,23.88,A,D,Cukup Laris
QJB-90477-635,6/12/2022,89714-19856-WX,4,2.5,36.455,145.82,L,L,Sangat Laris
MWP-46239-785,4/27/2019,87979-56781-YV,5,0.2,4.365,21.825,L,M,Cukup Laris
QDV-03406-248,5/23/2019,74126-88836-KA,3,0.5,8.73,26.19,L,M,Cukup Laris
GPH-40635-105,7/14/2020,37397-05992-VO,1,1,11.25,11.25,A,M,Kurang Laris
JOM-80930-071,11/10/2021,54904-18397-UD,6,1,12.95,77.7,L,D,Sangat Laris
OIL-26493-755,8/31/2021,19017-95853-EK,1,0.5,6.75,6.75,A,M,Kurang Laris
CYV-13426-645,7/6/2019,88593-59934-VU,1,1,12.15,12.15,E,D,Kurang Laris
WRP-39846-614,3/4/2022,47493-68564-YM,5,2.5,29.785,148.925,A,L,Sangat Laris
VDZ-76673-968,12/31/2020,82246-82543-DW,2,0.5,7.29,14.58,E,D,Kurang Laris
VTV-03546-175,7/31/2020,03384-62101-IY,5,2.5,29.785,148.925,A,L,Sangat Laris
GHR-72274-715,5/24/2021,86881-41559-OR,1,1,12.95,12.95,L,D,Kurang Laris
ZGK-97262-313,7/16/2022,02536-18494-AQ,3,2.5,31.625,94.875,E,M,Sangat Laris
ZFS-30776-804,2/5/2021,58638-01029-CB,5,0.5,7.77,38.85,A,L,Sangat Laris
QUU-91729-492,7/29/2021,90312-11148-LA,4,0.2,2.985,11.94,A,D,Kurang Laris
PVI-72795-960,3/17/2022,68239-74809-TF,3,2.5,34.155,102.465,E,L,Sangat Laris
PPP-78935-365,2/11/2021,91074-60023-IP,4,1,12.15,48.6,E,D,Sangat Laris
JUO-34131-517,2/13/2019,07972-83748-JI,6,1,12.95,77.7,L,D,Sangat Laris
ZJE-89333-489,5/13/2022,08694-57330-XR,1,2.5,29.785,29.785,L,D,Cukup Laris
LOO-35324-159,5/19/2020,68412-11126-YJ,4,0.2,3.885,15.54,A,L,Kurang Laris
JBQ-93412-846,4/27/2022,69037-66822-DW,4,2.5,34.155,136.62,E,L,Sangat Laris
EHX-66333-637,9/9/2020,01297-94364-XH,2,0.5,8.73,17.46,L,M,Cukup Laris
WXG-25759-236,3/10/2021,39919-06540-ZI,2,2.5,34.155,68.31,E,L,Sangat Laris
QNA-31113-984,4/7/2019,60512-78550-WS,4,0.2,4.365,17.46,L,M,Cukup Laris
ZWI-52029-159,7/12/2020,40172-12000-AU,3,1,14.55,43.65,L,M,Sangat Laris
ZWI-52029-159,7/12/2020,40172-12000-AU,2,1,13.75,27.5,E,M,Cukup Laris
DFS-49954-707,12/21/2021,39019-13649-CL,5,0.2,3.645,18.225,E,D,Cukup Laris
VYP-89830-878,10/4/2020,12715-05198-QU,2,2.5,25.875,51.75,A,M,Sangat Laris
AMT-40418-362,8/8/2020,04513-76520-QO,1,1,12.95,12.95,L,D,Kurang Laris
NFQ-23241-793,10/11/2020,88446-59251-SQ,3,1,11.25,33.75,A,M,Sangat Laris
JQK-64922-985,11/10/2021,23779-10274-KN,3,2.5,22.885,68.655,R,M,Sangat Laris
YET-17732-678,6/20/2021,57235-92842-DK,1,0.2,2.685,2.685,R,D,Kurang Laris
NKW-24945-846,10/4/2021,75977-30364-AY,5,2.5,22.885,114.425,A,D,Sangat Laris
VKA-82720-513,6/24/2019,12299-30914-NG,6,2.5,25.875,155.25,A,M,Sangat Laris
THA-60599-417,10/26/2019,59971-35626-YJ,3,2.5,25.875,77.625,A,M,Sangat Laris
MEK-39769-035,6/27/2021,15380-76513-PS,3,2.5,20.585,61.755,R,D,Sangat Laris
JAF-18294-750,9/6/2019,73564-98204-EY,6,2.5,20.585,123.51,R,D,Sangat Laris
TME-59627-221,4/30/2021,72282-40594-RX,6,2.5,36.455,218.73,L,L,Sangat Laris
UDG-65353-824,1/7/2020,17514-94165-RJ,4,0.5,8.25,33,E,M,Sangat Laris
ENQ-42923-176,1/11/2021,56248-75861-JX,3,0.5,7.77,23.31,A,L,Cukup Laris
CBT-55781-720,11/15/2021,97855-54761-IS,3,0.5,7.29,21.87,E,D,Cukup Laris
NEU-86533-016,6/3/2019,96544-91644-IT,6,0.2,2.685,16.11,R,D,Cukup Laris
BYU-58154-603,12/17/2020,51971-70393-QM,4,0.5,7.29,29.16,E,D,Cukup Laris
EHJ-05910-257,2/7/2021,06812-11924-IK,6,1,8.95,53.7,R,D,Sangat Laris
EIL-44855-309,3/15/2021,59741-90220-OW,5,0.5,5.37,26.85,R,D,Cukup Laris
HCA-87224-420,8/4/2022,62682-27930-PD,5,0.5,8.25,41.25,E,M,Sangat Laris
ABO-29054-365,1/19/2019,00256-19905-YG,6,0.5,6.75,40.5,A,M,Sangat Laris
TKN-58485-031,3/23/2022,38890-22576-UI,2,1,8.95,17.9,R,D,Cukup Laris
RCK-04069-371,10/7/2021,94573-61802-PH,2,2.5,34.155,68.31,E,L,Sangat Laris
IRJ-67095-738,3/20/2019,86447-02699-UT,2,2.5,31.625,63.25,E,M,Sangat Laris
VEA-31961-977,12/15/2021,51432-27169-KN,3,0.5,7.29,21.87,E,D,Cukup Laris
BAF-42286-205,6/8/2022,43074-00987-PB,4,2.5,22.885,91.54,R,M,Sangat Laris
WOR-52762-511,12/14/2019,04739-85772-QT,6,2.5,34.155,204.93,E,L,Sangat Laris
ZWK-03995-815,4/10/2021,28279-78469-YW,2,2.5,31.625,63.25,E,M,Sangat Laris
CKF-43291-846,3/10/2020,91829-99544-DS,1,2.5,34.155,34.155,E,L,Sangat Laris
RMW-74160-339,10/16/2020,38978-59582-JP,4,2.5,27.485,109.94,R,L,Sangat Laris
FMT-94584-786,10/8/2019,86504-96610-BH,2,1,12.95,25.9,A,L,Cukup Laris
NWT-78222-575,12/31/2019,75986-98864-EZ,1,0.2,2.985,2.985,A,D,Kurang Laris
EOI-02511-919,3/20/2020,66776-88682-RG,5,0.2,4.455,22.275,E,L,Cukup Laris
EOI-02511-919,3/20/2020,66776-88682-RG,5,0.5,5.97,29.85,A,D,Sangat Laris
UCT-03935-589,3/29/2021,85851-78384-DM,6,0.5,5.37,32.22,R,D,Sangat Laris
SBI-60013-494,11/12/2021,55232-81621-BX,2,0.2,4.125,8.25,E,M,Kurang Laris
QRA-73277-814,7/20/2021,80310-92912-JA,4,0.5,7.77,31.08,A,L,Sangat Laris
EQE-31648-909,1/18/2019,19821-05175-WZ,5,0.5,7.29,36.45,E,D,Sangat Laris
QOO-24615-950,8/7/2019,01338-83217-GV,3,2.5,22.885,68.655,R,M,Sangat Laris
WDV-73864-037,3/13/2022,66044-25298-TA,5,0.5,8.73,43.65,L,M,Sangat Laris
PKR-88575-066,5/17/2022,28728-47861-TZ,1,0.2,4.455,4.455,E,L,Kurang Laris
BWR-85735-955,12/14/2019,32638-38620-AX,3,1,14.55,43.65,L,M,Sangat Laris
YFX-64795-136,1/15/2020,83163-65741-IH,1,2.5,33.465,33.465,L,M,Sangat Laris
DDO-71442-967,4/12/2019,89422-58281-FD,5,0.2,3.885,19.425,L,D,Cukup Laris
ILQ-11027-588,3/29/2020,76293-30918-DQ,6,1,12.15,72.9,E,D,Sangat Laris
KRZ-13868-122,3/24/2022,86779-84838-EJ,3,1,14.85,44.55,E,L,Sangat Laris
VRM-93594-914,7/21/2021,66806-41795-MX,5,0.5,7.29,36.45,E,D,Sangat Laris
HXL-22497-359,8/6/2019,64875-71224-UI,3,1,12.95,38.85,A,L,Sangat Laris
NOP-21394-646,5/23/2021,16982-35708-BZ,6,0.5,8.91,53.46,E,L,Sangat Laris
NOP-21394-646,5/23/2021,16982-35708-BZ,2,2.5,29.785,59.57,L,D,Sangat Laris
NOP-21394-646,5/23/2021,16982-35708-BZ,3,2.5,29.785,89.355,L,D,Sangat Laris
NOP-21394-646,5/23/2021,16982-35708-BZ,4,0.5,9.51,38.04,L,L,Sangat Laris
NOP-21394-646,5/23/2021,16982-35708-BZ,3,1,13.75,41.25,E,M,Sangat Laris
FTV-77095-168,4/8/2021,66708-26678-QK,6,0.5,9.51,57.06,L,L,Sangat Laris
BOR-02906-411,10/17/2021,08743-09057-OO,6,2.5,29.785,178.71,L,D,Sangat Laris
WMP-68847-770,2/16/2022,37490-01572-JW,1,0.2,4.755,4.755,L,L,Kurang Laris
TMO-22785-872,7/15/2020,01811-60350-CU,6,1,13.75,82.5,E,M,Sangat Laris
TJG-73587-353,2/22/2020,24766-58139-GT,3,0.2,2.685,8.055,R,D,Kurang Laris
OOU-61343-455,1/15/2021,90123-70970-NY,2,1,11.25,22.5,A,M,Cukup Laris
RMA-08327-369,1/11/2021,93809-05424-MG,6,0.5,6.75,40.5,A,M,Sangat Laris
SFB-97929-779,4/8/2022,85425-33494-HQ,4,0.5,7.29,29.16,E,D,Cukup Laris
AUP-10128-606,10/1/2020,54387-64897-XC,1,0.5,6.75,6.75,A,M,Kurang Laris
YTW-40242-005,10/28/2019,01035-70465-UO,4,1,12.95,51.8,L,D,Sangat Laris
PRP-53390-819,3/28/2021,84260-39432-ML,6,0.5,8.91,53.46,E,L,Sangat Laris
GSJ-01065-125,3/31/2020,69779-40609-RS,4,0.2,3.645,14.58,E,D,Kurang Laris
YQU-65147-580,3/26/2022,80247-70000-HT,1,2.5,20.585,20.585,R,D,Cukup Laris
QPM-95832-683,11/6/2019,35058-04550-VC,2,1,15.85,31.7,L,L,Sangat Laris
BNQ-88920-567,12/30/2019,27226-53717-SY,6,0.2,3.885,23.31,L,D,Cukup Laris
PUX-47906-110,10/1/2021,02002-98725-CH,4,1,14.55,58.2,L,M,Sangat Laris
COL-72079-610,12/9/2020,38487-01549-MV,4,0.5,8.91,35.64,E,L,Sangat Laris
LBC-45686-819,5/1/2021,98573-41811-EQ,5,1,11.25,56.25,A,M,Sangat Laris
BLQ-03709-265,8/4/2022,72463-75685-MV,3,0.2,3.585,10.755,R,L,Kurang Laris
BLQ-03709-265,8/4/2022,72463-75685-MV,5,0.2,2.985,14.925,R,M,Kurang Laris
VFZ-91673-181,11/13/2021,10225-91535-AI,6,1,12.95,77.7,A,L,Sangat Laris
WKD-81956-870,9/16/2020,48090-06534-HI,3,0.5,7.77,23.31,L,D,Cukup Laris
TNI-91067-006,10/5/2020,80444-58185-FX,4,1,14.85,59.4,E,L,Sangat Laris
IZA-61469-812,1/6/2020,13561-92774-WP,4,2.5,29.785,119.14,L,D,Sangat Laris
PSS-22466-862,5/21/2021,11550-78378-GE,4,0.2,3.585,14.34,R,L,Kurang Laris
REH-56504-397,2/26/2020,90961-35603-RP,5,2.5,25.875,129.375,A,M,Sangat Laris
ALA-62598-016,2/19/2020,57145-03803-ZL,6,0.2,2.685,16.11,R,D,Cukup Laris
EYE-70374-835,6/29/2021,89115-11966-VF,5,0.2,3.585,17.925,R,L,Cukup Laris
CCZ-19589-212,3/27/2021,05754-41702-FG,2,0.2,4.365,8.73,L,M,Kurang Laris
BPT-83989-157,10/27/2021,84269-49816-ML,2,2.5,25.875,51.75,A,M,Sangat Laris
YFH-87456-208,6/12/2019,23600-98432-ME,2,0.2,4.365,8.73,L,M,Kurang Laris
JLN-14700-924,6/28/2020,79058-02767-CP,5,0.2,4.755,23.775,L,L,Cukup Laris
JVW-22582-137,3/23/2021,89208-74646-UK,5,0.2,4.125,20.625,E,M,Cukup Laris
LAA-41879-001,2/10/2022,11408-81032-UR,1,2.5,36.455,36.455,L,L,Sangat Laris
BRV-64870-915,4/16/2019,32070-55528-UG,5,2.5,36.455,182.275,L,L,Sangat Laris
RGJ-12544-083,2/12/2020,48873-84433-PN,3,2.5,29.785,89.355,L,D,Sangat Laris
JJX-83339-346,1/2/2022,32928-18158-OW,1,0.2,3.585,3.585,R,L,Kurang Laris
BIU-21970-705,12/7/2020,89711-56688-GG,2,2.5,22.885,45.77,R,M,Sangat Laris
ELJ-87741-745,2/20/2020,48389-71976-JB,4,1,14.85,59.4,E,L,Sangat Laris
SGI-48226-857,6/11/2020,84033-80762-EQ,6,2.5,25.875,155.25,A,M,Sangat Laris
AHV-66988-037,9/8/2020,12743-00952-KO,2,2.5,22.885,45.77,R,M,Sangat Laris
ISK-42066-094,3/28/2020,41505-42181-EF,3,1,12.15,36.45,E,D,Sangat Laris
FTC-35822-530,10/10/2020,14307-87663-KB,4,0.5,7.29,29.16,E,D,Cukup Laris
VSS-56247-688,5/21/2022,08360-19442-GB,4,2.5,33.465,133.86,L,M,Sangat Laris
HVW-25584-144,4/30/2020,93405-51204-UW,5,0.2,4.755,23.775,L,L,Cukup Laris
MUY-15309-209,12/12/2021,97152-03355-IW,3,1,12.95,38.85,L,D,Sangat Laris
VAJ-44572-469,10/27/2020,79216-73157-TE,6,0.2,3.585,21.51,R,L,Cukup Laris
YJU-84377-606,7/7/2020,20259-47723-AC,1,1,9.95,9.95,A,D,Kurang Laris
VNC-93921-469,1/31/2020,04666-71569-RI,1,1,15.85,15.85,L,L,Cukup Laris
OGB-91614-810,2/18/2020,08909-77713-CG,1,0.2,2.985,2.985,R,M,Kurang Laris
BQI-61647-496,6/13/2021,84340-73931-VV,5,1,13.75,68.75,E,M,Sangat Laris
IOM-51636-823,8/6/2022,04609-95151-XH,3,1,9.95,29.85,A,D,Sangat Laris
GGD-38107-641,11/23/2021,99562-88650-YF,4,1,14.55,58.2,L,M,Sangat Laris
LTO-95975-728,10/13/2021,46560-73885-PJ,4,0.5,7.17,28.68,R,L,Cukup Laris
IGM-84664-265,8/31/2021,80179-44620-WN,3,0.5,7.17,21.51,R,L,Cukup Laris
SKO-45740-621,1/16/2020,04666-71569-RI,2,0.5,8.73,17.46,L,M,Cukup Laris
FOJ-02234-063,4/25/2022,59081-87231-VP,1,2.5,27.945,27.945,E,D,Cukup Laris
MSJ-11909-468,11/13/2021,07878-45872-CC,5,2.5,27.945,139.725,E,D,Sangat Laris
DKB-78053-329,6/8/2021,12444-05174-OO,2,0.2,2.985,5.97,R,M,Kurang Laris
DFZ-45083-941,11/21/2020,34665-62561-AU,1,2.5,27.485,27.485,R,L,Cukup Laris
OTA-40969-710,3/14/2019,77877-11993-QH,5,1,11.95,59.75,R,L,Sangat Laris
GRH-45571-667,8/16/2019,32291-18308-YZ,3,1,13.75,41.25,E,M,Sangat Laris
NXV-05302-067,4/22/2019,25754-33191-ZI,4,2.5,33.465,133.86,L,M,Sangat Laris
VZH-86274-142,5/2/2022,53120-45532-KL,5,1,11.95,59.75,R,L,Sangat Laris
KIX-93248-135,2/11/2020,36605-83052-WB,1,0.5,5.97,5.97,A,D,Kurang Laris
AXR-10962-010,3/28/2021,53683-35977-KI,2,1,12.15,24.3,E,D,Cukup Laris
IHS-71573-008,5/8/2021,07972-83134-NM,6,0.2,3.645,21.87,E,D,Cukup Laris
QTR-19001-114,11/21/2019,01035-70465-UO,2,1,9.95,19.9,A,D,Cukup Laris
WBK-62297-910,5/17/2021,25514-23938-IQ,2,0.2,2.985,5.97,A,D,Kurang Laris
OGY-19377-175,7/9/2019,49084-44492-OJ,1,0.5,7.29,7.29,E,D,Kurang Laris
ESR-66651-814,5/20/2020,76624-72205-CK,4,0.2,2.985,11.94,A,D,Kurang Laris
CPX-46916-770,8/27/2021,12729-50170-JE,6,1,11.95,71.7,R,L,Sangat Laris
MDC-03318-645,4/30/2022,43974-44760-QI,2,0.2,3.885,7.77,A,L,Kurang Laris
SFF-86059-407,6/3/2020,30585-48726-BK,1,2.5,25.875,25.875,A,M,Cukup Laris
SCL-94540-788,6/13/2022,16123-07017-TY,6,2.5,34.155,204.93,E,L,Sangat Laris
HVU-21634-076,6/10/2020,27723-45097-MH,4,2.5,27.485,109.94,R,L,Sangat Laris
XUS-73326-418,12/18/2020,37078-56703-AF,6,1,14.85,89.1,E,L,Sangat Laris
XWD-18933-006,8/31/2019,79420-11075-MY,2,0.2,3.885,7.77,A,L,Kurang Laris
HPD-65272-772,2/25/2019,57504-13456-UO,1,2.5,33.465,33.465,L,M,Sangat Laris
JEG-93140-224,2/7/2021,53751-57560-CN,5,0.5,8.25,41.25,E,M,Sangat Laris
NNH-62058-950,1/14/2021,96112-42558-EA,4,1,14.85,59.4,E,L,Sangat Laris
LTD-71429-845,2/24/2019,03157-23165-UB,1,0.5,7.77,7.77,A,L,Kurang Laris
MPV-26985-215,6/23/2019,51466-52850-AG,1,0.5,5.37,5.37,R,D,Kurang Laris
IYO-10245-081,5/9/2020,57145-31023-FK,3,2.5,31.625,94.875,E,M,Sangat Laris
BYZ-39669-954,7/18/2020,66408-53777-VE,1,2.5,36.455,36.455,L,L,Sangat Laris
EFB-72860-209,10/17/2019,53035-99701-WG,4,0.2,3.375,13.5,A,M,Kurang Laris
GMM-72397-378,5/16/2022,45899-92796-EI,4,0.2,3.585,14.34,R,L,Kurang Laris
LYP-52345-883,3/24/2021,17649-28133-PY,1,0.5,8.25,8.25,E,M,Kurang Laris
DFK-35846-692,11/3/2019,49612-33852-CN,5,0.2,2.685,13.425,R,D,Kurang Laris
XAH-93337-609,10/28/2021,66976-43829-YG,5,1,9.95,49.75,A,D,Sangat Laris
QKA-72582-644,12/16/2020,64852-04619-XZ,2,0.5,8.25,16.5,E,M,Cukup Laris
ZDK-84567-102,11/29/2021,58690-31815-VY,3,0.5,5.97,17.91,A,D,Cukup Laris
WAV-38301-984,3/20/2021,62863-81239-DT,5,0.5,5.97,29.85,A,D,Sangat Laris
KZR-33023-209,4/8/2022,21177-40725-CF,3,1,14.85,44.55,E,L,Sangat Laris
ULM-49433-003,8/14/2020,99421-80253-UI,2,1,13.75,27.5,E,M,Cukup Laris
SIB-83254-136,5/12/2019,45315-50206-DK,6,0.5,5.97,35.82,R,M,Sangat Laris
NOK-50349-551,3/3/2021,09595-95726-OV,3,0.5,5.37,16.11,R,D,Cukup Laris
YIS-96268-844,2/11/2020,60221-67036-TD,6,0.2,4.455,26.73,E,L,Cukup Laris
CXI-04933-855,4/27/2019,62923-29397-KX,6,2.5,34.155,204.93,E,L,Sangat Laris
IZU-90429-382,3/26/2022,33011-52383-BA,3,1,12.95,38.85,A,L,Sangat Laris
WIT-40912-783,9/28/2020,86768-91598-FA,4,0.2,3.885,15.54,L,D,Kurang Laris
PSD-57291-590,10/24/2019,37191-12203-MX,1,0.5,6.75,6.75,A,M,Kurang Laris
GOI-41472-677,8/4/2021,16545-76328-JY,4,2.5,27.945,111.78,E,D,Sangat Laris
KTX-17944-494,12/29/2019,74330-29286-RO,1,0.2,3.885,3.885,A,L,Kurang Laris
RDM-99811-230,11/27/2019,22349-47389-GY,5,0.2,4.365,21.825,L,M,Cukup Laris
JTU-55897-581,2/29/2020,70290-38099-GB,5,0.2,2.985,14.925,R,M,Kurang Laris
CRK-07584-240,1/31/2021,18741-72071-PP,3,1,11.25,33.75,A,M,Sangat Laris
MKE-75518-399,6/17/2022,62588-82624-II,3,1,11.25,33.75,A,M,Sangat Laris
AEL-51169-725,2/3/2020,37430-29579-HD,6,0.2,4.365,26.19,L,M,Cukup Laris
ZGM-83108-823,1/25/2022,84132-22322-QT,1,1,14.85,14.85,E,L,Kurang Laris
JBP-78754-392,4/30/2020,74330-29286-RO,6,2.5,31.625,189.75,E,M,Sangat Laris
RNH-54912-747,5/1/2021,37445-17791-NQ,1,0.5,5.97,5.97,R,M,Kurang Laris
JDS-33440-914,10/28/2021,58511-10548-ZU,3,1,9.95,29.85,R,M,Sangat Laris
SYX-48878-182,8/29/2021,47725-34771-FJ,5,1,8.95,44.75,R,D,Sangat Laris
ZGD-94763-868,12/27/2019,53086-67334-KT,1,2.5,34.155,34.155,E,L,Sangat Laris
CZY-70361-485,6/25/2019,83308-82257-UN,6,2.5,34.155,204.93,E,L,Sangat Laris
RJR-12175-899,3/2/2019,37274-08534-FM,3,0.5,7.29,21.87,E,D,Cukup Laris
ELB-07929-407,1/2/2022,54004-04664-AA,2,2.5,25.875,51.75,A,M,Sangat Laris
UJQ-54441-340,7/30/2019,26822-19510-SD,2,0.2,4.125,8.25,E,M,Kurang Laris
UJQ-54441-340,7/30/2019,26822-19510-SD,5,0.2,3.885,19.425,A,L,Cukup Laris
OWY-43108-475,12/5/2020,06432-73165-ML,6,0.2,3.375,20.25,A,M,Cukup Laris
GNO-91911-159,12/17/2020,96503-31833-CW,3,0.5,7.77,23.31,L,D,Cukup Laris
CNY-06284-066,6/26/2021,63985-64148-MG,5,0.2,3.645,18.225,E,D,Cukup Laris
OQS-46321-904,7/20/2019,19597-91185-CM,1,1,13.75,13.75,E,M,Kurang Laris
IBW-87442-480,7/14/2022,79814-23626-JR,1,2.5,29.785,29.785,A,L,Cukup Laris
DGZ-82537-477,8/14/2020,43439-94003-DW,5,1,8.95,44.75,R,D,Sangat Laris
LPS-39089-432,4/24/2019,97655-45555-LI,5,1,8.95,44.75,R,D,Sangat Laris
MQU-86100-929,6/4/2019,64418-01720-VW,4,0.5,9.51,38.04,L,L,Sangat Laris
XUR-14132-391,8/8/2022,96836-09258-RI,4,0.5,5.37,21.48,R,D,Cukup Laris
OVI-27064-381,11/13/2019,37274-08534-FM,3,0.5,5.37,16.11,R,D,Cukup Laris
SHP-17012-870,6/7/2020,69529-07533-CV,1,2.5,22.885,22.885,R,M,Cukup Laris
FDY-03414-903,8/12/2019,94840-49457-UD,3,0.5,5.97,17.91,A,D,Cukup Laris
WXT-85291-143,9/4/2019,81414-81273-DK,4,0.5,5.97,23.88,R,M,Cukup Laris
QNP-18893-547,10/4/2019,76930-61689-CH,5,1,11.95,59.75,R,L,Sangat Laris
DOH-92927-530,2/24/2020,12839-56537-TQ,6,0.2,4.755,28.53,L,L,Cukup Laris
HGJ-82768-173,8/26/2021,62741-01322-HU,4,1,11.25,45,A,M,Sangat Laris
YPT-95383-088,10/3/2021,43439-94003-DW,2,2.5,27.945,55.89,E,D,Sangat Laris
OYH-16533-767,6/13/2020,44932-34838-RM,4,1,14.85,59.4,E,L,Sangat Laris
DWW-28642-549,3/1/2021,91181-19412-RQ,2,0.2,3.645,7.29,E,D,Kurang Laris
CGO-79583-871,3/4/2019,37182-54930-XC,1,0.5,7.29,7.29,E,D,Kurang Laris
TFY-52090-386,10/13/2019,08613-17327-XT,2,0.5,8.91,17.82,E,L,Cukup Laris
TFY-52090-386,10/13/2019,08613-17327-XT,5,0.5,7.77,38.85,L,D,Sangat Laris
NYY-73968-094,8/15/2019,70451-38048-AH,6,0.5,5.37,32.22,R,D,Sangat Laris
QEY-71761-460,11/29/2021,35442-75769-PL,2,1,9.95,19.9,R,M,Cukup Laris
GKQ-82603-910,1/19/2020,83737-56117-JE,5,1,11.95,59.75,R,L,Sangat Laris
IOB-32673-745,5/28/2021,07095-81281-NJ,3,0.5,7.77,23.31,A,L,Cukup Laris
YAU-98893-150,1/15/2022,77043-48851-HG,3,1,14.55,43.65,L,M,Sangat Laris
XNM-14163-951,12/4/2019,78224-60622-KH,6,2.5,34.155,204.93,E,L,Sangat Laris
JPB-45297-000,7/1/2022,83105-86631-IU,4,0.2,3.585,14.34,R,L,Kurang Laris
MOU-74341-266,5/7/2019,99358-65399-TC,4,0.5,5.97,23.88,A,D,Cukup Laris
DHJ-87461-571,8/23/2020,94525-76037-JP,2,1,11.25,22.5,A,M,Cukup Laris
DKM-97676-850,6/2/2020,43439-94003-DW,5,0.5,7.29,36.45,E,D,Sangat Laris
UEB-09112-118,1/30/2020,82718-93677-XO,4,0.5,6.75,27,A,M,Cukup Laris
ORZ-67699-748,2/15/2020,44708-78241-DF,6,2.5,25.875,155.25,A,M,Sangat Laris
JXP-28398-485,6/11/2021,23039-93032-FN,5,2.5,22.885,114.425,A,D,Sangat Laris
WWH-92259-198,3/11/2022,35256-12529-FT,4,1,12.95,51.8,L,D,Sangat Laris
FLR-82914-153,9/9/2021,86100-33488-WP,6,2.5,25.875,155.25,A,M,Sangat Laris
AMB-93600-000,5/14/2019,64435-53100-WM,1,2.5,29.785,29.785,A,L,Cukup Laris
FEP-36895-658,4/8/2019,44699-43836-UH,6,0.2,3.585,21.51,R,L,Cukup Laris
RXW-91413-276,8/15/2020,29588-35679-RG,2,2.5,20.585,41.17,R,D,Sangat Laris
RXW-91413-276,8/15/2020,29588-35679-RG,1,0.5,5.97,5.97,R,M,Kurang Laris
SDB-77492-188,5/5/2022,64815-54078-HH,5,1,14.85,74.25,E,L,Sangat Laris
RZN-65182-395,3/27/2021,59572-41990-XY,6,1,14.55,87.3,L,M,Sangat Laris
HDQ-86094-507,4/27/2019,32481-61533-ZJ,6,1,12.15,72.9,E,D,Sangat Laris
YXO-79631-417,9/25/2021,31587-92570-HL,1,0.5,7.77,7.77,L,D,Kurang Laris
SNF-57032-096,2/13/2020,93832-04799-ID,6,0.5,7.29,43.74,E,D,Sangat Laris
DGL-29648-995,7/16/2021,59367-30821-ZQ,2,0.2,4.365,8.73,L,M,Kurang Laris
GPU-65651-504,5/11/2022,83947-45528-ET,2,2.5,31.625,63.25,E,M,Sangat Laris
OJU-34452-896,2/4/2019,60799-92593-CX,1,0.5,8.91,8.91,E,L,Kurang Laris
GZS-50547-887,2/5/2019,61600-55136-UM,2,1,12.15,24.3,E,D,Cukup Laris
ESR-54041-053,5/24/2022,59771-90302-OF,6,0.5,7.77,46.62,A,L,Sangat Laris
OGD-10781-526,10/4/2020,16880-78077-FB,6,0.5,7.17,43.02,R,L,Sangat Laris
FVH-29271-315,6/30/2022,74415-50873-FC,3,0.5,5.97,17.91,A,D,Cukup Laris
BNZ-20544-633,10/21/2020,31798-95707-NR,4,0.5,9.51,38.04,L,L,Sangat Laris
FUX-85791-078,10/16/2020,59122-08794-WT,2,0.2,3.375,6.75,A,M,Kurang Laris
YXP-20078-116,9/23/2020,37238-52421-JJ,1,0.5,5.97,5.97,R,M,Kurang Laris
VQV-59984-866,3/8/2019,48854-01899-FN,3,0.2,2.685,8.055,R,D,Kurang Laris
JEH-37276-048,6/30/2021,80896-38819-DW,3,0.5,7.77,23.31,A,L,Cukup Laris
VYD-28555-589,8/13/2019,29814-01459-RC,6,0.5,7.17,43.02,R,L,Sangat Laris
WUG-76466-650,2/22/2021,43439-94003-DW,3,0.5,7.77,23.31,L,D,Cukup Laris
RJV-08261-583,3/26/2022,48497-29281-FE,5,0.2,2.985,14.925,A,D,Kurang Laris
PMR-56062-609,1/10/2020,43605-12616-YH,3,0.5,7.29,21.87,E,D,Cukup Laris
XLD-12920-505,5/1/2019,21907-75962-VB,6,0.5,8.91,53.46,E,L,Sangat Laris
UBW-50312-037,2/9/2020,69503-12127-YD,4,2.5,29.785,119.14,A,L,Sangat Laris
QAW-05889-019,12/29/2021,68810-07329-EU,5,0.5,8.73,43.65,L,M,Sangat Laris
EPT-12715-397,9/9/2020,08478-75251-OG,6,0.2,2.985,17.91,A,D,Cukup Laris
DHT-93810-053,9/16/2021,17005-82030-EA,5,1,14.85,74.25,E,L,Sangat Laris
DMY-96037-963,10/26/2020,42179-95059-DO,3,0.2,3.885,11.655,L,D,Kurang Laris
MBM-55936-917,3/12/2019,55989-39849-WO,3,0.5,7.77,23.31,L,D,Cukup Laris
TPA-93614-840,2/18/2021,28932-49296-TM,2,0.5,7.29,14.58,E,D,Kurang Laris
WDM-77521-710,10/29/2020,86144-10144-CB,2,0.5,6.75,13.5,A,M,Kurang Laris
EIP-19142-462,9/6/2021,60973-72562-DQ,6,1,14.85,89.1,E,L,Sangat Laris
EIP-19142-462,9/6/2021,60973-72562-DQ,1,0.2,3.885,3.885,A,L,Kurang Laris
ZZL-76364-387,9/9/2020,11263-86515-VU,4,2.5,27.485,109.94,R,L,Sangat Laris
GMF-18638-786,9/26/2021,60004-62976-NI,6,0.5,7.77,46.62,L,D,Sangat Laris
TDJ-20844-787,11/5/2020,77876-28498-HI,5,0.5,7.77,38.85,A,L,Sangat Laris
BWK-39400-446,9/12/2019,61302-06948-EH,4,0.5,7.77,31.08,L,D,Sangat Laris
LCB-02099-995,7/31/2019,06757-96251-UH,6,0.2,2.985,17.91,A,D,Cukup Laris
UBA-43678-174,3/15/2019,44530-75983-OD,6,2.5,27.945,167.67,E,D,Sangat Laris
UDH-24280-432,5/16/2021,44865-58249-RY,4,1,15.85,63.4,L,L,Sangat Laris
IDQ-20193-502,5/6/2019,36021-61205-DF,2,0.2,4.365,8.73,L,M,Kurang Laris
DJG-14442-608,2/6/2019,75716-12782-SS,3,1,8.95,26.85,R,D,Cukup Laris
DWB-61381-370,4/9/2021,11812-00461-KH,2,0.2,4.755,9.51,L,L,Kurang Laris
FRD-17347-990,5/20/2020,46681-78850-ZW,4,1,9.95,39.8,A,D,Sangat Laris
YPP-27450-525,12/2/2020,01932-87052-KO,3,0.5,8.25,24.75,E,M,Cukup Laris
EFC-39577-424,8/8/2021,16046-34805-ZF,5,1,13.75,68.75,E,M,Sangat Laris
LAW-80062-016,2/3/2022,34546-70516-LR,6,0.5,8.25,49.5,E,M,Sangat Laris
WKL-27981-758,4/8/2022,73699-93557-FZ,2,2.5,25.875,51.75,A,M,Sangat Laris
VRT-39834-265,1/7/2021,86686-37462-CK,3,1,15.85,47.55,L,L,Sangat Laris
QTC-71005-730,9/2/2021,14298-02150-KH,4,0.2,3.885,15.54,A,L,Kurang Laris
TNX-09857-717,11/4/2021,48675-07824-HJ,6,1,14.55,87.3,L,M,Sangat Laris
JZV-43874-185,8/2/2021,18551-80943-YQ,5,1,11.25,56.25,A,M,Sangat Laris
ICF-17486-106,1/27/2020,19196-09748-DB,1,2.5,36.455,36.455,L,L,Sangat Laris
BMK-49520-383,12/3/2019,72233-08665-IP,3,0.2,3.585,10.755,R,L,Kurang Laris
HTS-15020-632,8/6/2019,53817-13148-RK,3,0.2,2.985,8.955,R,M,Kurang Laris
YLE-18247-749,3/11/2020,92227-49331-QR,3,0.5,7.77,23.31,A,L,Cukup Laris
KJJ-12573-591,9/18/2021,12997-41076-FQ,1,2.5,29.785,29.785,A,L,Cukup Laris
RGU-43561-950,11/7/2020,44220-00348-MB,5,2.5,29.785,148.925,A,L,Sangat Laris
JSN-73975-443,6/27/2022,93047-98331-DD,1,0.5,8.73,8.73,L,M,Kurang Laris
WNR-71736-993,2/5/2020,16880-78077-FB,4,0.5,7.77,31.08,L,D,Sangat Laris
WNR-71736-993,2/5/2020,16880-78077-FB,6,2.5,22.885,137.31,A,D,Sangat Laris
HNI-91338-546,2/7/2020,67285-75317-XI,5,0.5,5.97,29.85,A,D,Sangat Laris
CYH-53243-218,12/18/2020,88167-57964-PH,3,0.5,5.97,17.91,R,M,Cukup Laris
SVD-75407-177,8/23/2021,16106-36039-QS,3,0.5,8.91,26.73,E,L,Cukup Laris
NVN-66443-451,8/20/2021,98921-82417-GN,2,1,8.95,17.9,R,D,Cukup Laris
JUA-13580-095,4/1/2019,55265-75151-AK,4,0.2,3.585,14.34,R,L,Kurang Laris
ACY-56225-839,1/28/2021,47386-50743-FG,3,2.5,25.875,77.625,A,M,Sangat Laris
QBB-07903-622,10/21/2019,32622-54551-UC,5,1,11.95,59.75,R,L,Sangat Laris
JLJ-81802-619,6/20/2021,16880-78077-FB,6,1,12.95,77.7,A,L,Sangat Laris
HFT-77191-168,11/4/2021,48419-02347-XP,2,0.2,2.685,5.37,R,D,Kurang Laris
SZR-35951-530,4/5/2021,14121-20527-OJ,3,2.5,27.945,83.835,E,D,Sangat Laris
IKL-95976-565,12/9/2019,53486-73919-BQ,2,1,11.25,22.5,A,M,Cukup Laris
XEY-48929-474,1/2/2022,21889-94615-WT,6,2.5,33.465,200.79,L,M,Sangat Laris
SQT-07286-736,12/8/2019,87726-16941-QW,6,1,11.25,67.5,A,M,Sangat Laris
QDU-45390-361,11/28/2021,03677-09134-BC,1,0.5,8.25,8.25,E,M,Kurang Laris
RUJ-30649-712,3/11/2022,93224-71517-WV,2,0.2,4.755,9.51,L,L,Kurang Laris
WSV-49732-075,1/17/2021,76263-95145-GJ,1,2.5,29.785,29.785,L,D,Cukup Laris
VJF-46305-323,1/18/2019,68555-89840-GZ,2,0.5,7.77,15.54,L,D,Kurang Laris
CXD-74176-600,4/7/2019,70624-19112-AO,4,0.5,8.91,35.64,E,L,Sangat Laris
ADX-50674-975,2/3/2021,58916-61837-QH,4,2.5,25.875,103.5,A,M,Sangat Laris
RRP-51647-420,4/18/2019,89292-52335-YZ,3,1,12.15,36.45,E,D,Sangat Laris
PKJ-99134-523,7/7/2021,77284-34297-YY,5,0.5,7.17,35.85,R,L,Sangat Laris
FZQ-29439-457,2/23/2021,50449-80974-BZ,5,0.2,4.455,22.275,E,L,Cukup Laris
USN-68115-161,8/10/2021,08120-16183-AW,6,0.2,4.125,24.75,E,M,Cukup Laris
IXU-20263-532,11/15/2019,68044-89277-ML,2,2.5,33.465,66.93,L,M,Sangat Laris
CBT-15092-420,12/17/2019,71364-35210-HS,1,0.5,8.73,8.73,L,M,Kurang Laris
PKQ-46841-696,3/18/2020,37177-68797-ON,3,0.5,5.97,17.91,R,M,Cukup Laris
XDU-05471-219,6/6/2022,60308-06944-GS,1,0.5,7.17,7.17,R,L,Kurang Laris
NID-20149-329,5/20/2021,49888-39458-PF,2,0.2,2.685,5.37,R,D,Kurang Laris
SVU-27222-213,1/11/2021,60748-46813-DZ,5,0.2,4.755,23.775,L,L,Cukup Laris
RWI-84131-848,2/22/2019,16385-11286-NX,2,2.5,20.585,41.17,R,D,Sangat Laris
GUU-40666-525,11/24/2021,68555-89840-GZ,3,0.2,3.885,11.655,A,L,Kurang Laris
SCN-51395-066,1/18/2022,72164-90254-EJ,4,0.5,9.51,38.04,L,L,Sangat Laris
ULA-24644-321,8/13/2021,67010-92988-CT,4,2.5,20.585,82.34,R,D,Sangat Laris
EOL-92666-762,1/11/2020,15776-91507-GT,2,0.2,4.755,9.51,L,L,Kurang Laris
AJV-18231-334,7/5/2020,23473-41001-CD,2,2.5,20.585,41.17,R,D,Sangat Laris
ZQI-47236-301,7/25/2019,23446-47798-ID,5,0.5,9.51,47.55,L,L,Sangat Laris
ZCR-15721-658,5/26/2022,28327-84469-ND,4,1,11.25,45,A,M,Sangat Laris
QEW-47945-682,1/10/2020,42466-87067-DT,5,0.2,4.755,23.775,L,L,Cukup Laris
PSY-45485-542,5/17/2019,62246-99443-HF,3,0.5,5.37,16.11,R,D,Cukup Laris
BAQ-74241-156,7/24/2020,99869-55718-UU,4,0.2,2.685,10.74,R,D,Kurang Laris
BVU-77367-451,10/20/2020,77421-46059-RY,5,1,9.95,49.75,A,D,Sangat Laris
TJE-91516-344,9/22/2019,49894-06550-OQ,2,1,13.75,27.5,E,M,Cukup Laris
LIS-96202-702,6/7/2020,72028-63343-SU,4,2.5,29.785,119.14,L,D,Sangat Laris
VIO-27668-766,12/15/2019,10074-20104-NN,1,2.5,20.585,20.585,R,D,Cukup Laris
ZVG-20473-043,12/6/2020,71769-10219-IM,3,0.2,2.985,8.955,A,D,Kurang Laris
KGZ-56395-231,12/6/2021,22221-71106-JD,1,0.5,5.97,5.97,A,D,Kurang Laris
CUU-92244-729,7/11/2020,99735-44927-OL,3,1,13.75,41.25,E,M,Sangat Laris
EHE-94714-312,6/28/2021,27132-68907-RC,5,0.2,4.455,22.275,E,L,Cukup Laris
RTL-16205-161,4/5/2022,90440-62727-HI,1,0.5,6.75,6.75,A,M,Kurang Laris
GTS-22482-014,3/24/2022,36769-16558-SX,4,2.5,33.465,133.86,L,M,Sangat Laris
DYG-25473-881,2/8/2020,10138-31681-SD,2,0.2,2.985,5.97,A,D,Kurang Laris
HTR-21838-286,2/11/2022,24669-76297-SF,2,1,12.95,25.9,A,L,Cukup Laris
KYG-28296-920,7/2/2020,78050-20355-DI,1,2.5,31.625,31.625,E,M,Sangat Laris
NNB-20459-430,7/25/2022,79825-17822-UH,2,0.2,4.365,8.73,L,M,Kurang Laris
FEK-14025-351,3/19/2021,03990-21586-MQ,6,0.2,4.455,26.73,E,L,Cukup Laris
AWH-16980-469,5/11/2020,27493-46921-TZ,6,0.2,4.365,26.19,L,M,Cukup Laris
ZPW-31329-741,6/8/2019,27132-68907-RC,6,1,8.95,53.7,R,D,Sangat Laris
ZPW-31329-741,6/8/2019,27132-68907-RC,4,2.5,31.625,126.5,E,M,Sangat Laris
ZPW-31329-741,6/8/2019,27132-68907-RC,1,0.2,4.125,4.125,E,M,Kurang Laris
UBI-83843-396,10/9/2019,58816-74064-TF,2,1,11.95,23.9,R,L,Cukup Laris
VID-40587-569,2/20/2021,09818-59895-EH,5,2.5,27.945,139.725,E,D,Sangat Laris
KBB-52530-416,11/21/2019,06488-46303-IZ,2,2.5,29.785,59.57,L,D,Sangat Laris
ISJ-48676-420,10/10/2021,93046-67561-AY,6,0.5,9.51,57.06,L,L,Sangat Laris
MIF-17920-768,8/5/2021,68946-40750-LK,6,0.2,3.585,21.51,R,L,Cukup Laris
CPX-19312-088,7/31/2020,38387-64959-WW,6,0.5,8.73,52.38,L,M,Sangat Laris
RXI-67978-260,9/19/2020,48418-60841-CC,6,1,12.15,72.9,E,D,Sangat Laris
LKE-14821-285,5/3/2020,13736-92418-JS,5,0.2,2.985,14.925,R,M,Kurang Laris
LRK-97117-150,7/8/2019,33000-22405-LO,6,1,15.85,95.1,L,L,Sangat Laris
IGK-51227-573,10/26/2019,46959-60474-LT,2,0.5,7.77,15.54,L,D,Kurang Laris
ZAY-43009-775,9/27/2020,73431-39823-UP,6,0.2,3.885,23.31,L,D,Cukup Laris
EMA-63190-618,2/28/2022,90993-98984-JK,1,0.2,4.125,4.125,E,M,Kurang Laris
FBI-35855-418,9/16/2020,06552-04430-AG,6,0.5,5.97,35.82,R,M,Sangat Laris
TXB-80533-417,10/28/2020,54597-57004-QM,2,1,15.85,31.7,L,L,Sangat Laris
MBM-00112-248,9/2/2019,50238-24377-ZS,5,1,15.85,79.25,L,L,Sangat Laris
EUO-69145-988,8/30/2021,60370-41934-IF,3,0.2,3.645,10.935,E,D,Kurang Laris
GYA-80327-368,6/4/2021,06899-54551-EH,4,1,9.95,39.8,A,D,Sangat Laris
TNW-41601-420,11/24/2020,66458-91190-YC,5,1,9.95,49.75,R,M,Sangat Laris
ALR-62963-723,6/21/2020,80463-43913-WZ,3,0.2,2.685,8.055,R,D,Kurang Laris
JIG-27636-870,7/13/2020,67204-04870-LG,4,1,11.95,47.8,R,L,Sangat Laris
CTE-31437-326,1/2/2019,22721-63196-UJ,4,0.2,2.985,11.94,R,M,Kurang Laris
CTE-31437-326,1/2/2019,22721-63196-UJ,4,0.2,4.125,16.5,E,M,Cukup Laris
CTE-31437-326,1/2/2019,22721-63196-UJ,4,1,12.95,51.8,L,D,Sangat Laris
CTE-31437-326,1/2/2019,22721-63196-UJ,3,0.2,4.755,14.265,L,L,Kurang Laris
SLD-63003-334,2/17/2022,55515-37571-RS,6,0.2,4.365,26.19,L,M,Cukup Laris
BXN-64230-789,12/19/2020,25598-77476-CB,2,1,12.95,25.9,A,L,Cukup Laris
XEE-37895-169,2/20/2019,14888-85625-TM,3,2.5,29.785,89.355,A,L,Sangat Laris
ZTX-80764-911,1/14/2021,92793-68332-NR,6,0.5,7.77,46.62,L,D,Sangat Laris
WVT-88135-549,11/16/2019,66458-91190-YC,3,1,9.95,29.85,A,D,Sangat Laris
IPA-94170-889,12/4/2019,64439-27325-LG,3,0.2,3.585,10.755,R,L,Kurang Laris
YQL-63755-365,7/31/2020,78570-76770-LB,4,0.2,3.375,13.5,A,M,Kurang Laris
RKW-81145-984,3/11/2019,98661-69719-VI,3,1,15.85,47.55,L,L,Sangat Laris
MBT-23379-866,5/10/2022,82990-92703-IX,5,1,15.85,79.25,L,L,Sangat Laris
GEJ-39834-935,12/25/2021,49412-86877-VY,6,0.2,4.365,26.19,L,M,Cukup Laris
KRW-91640-596,4/22/2022,70879-00984-FJ,3,0.5,7.17,21.51,R,L,Cukup Laris
AOT-70449-651,6/11/2022,53414-73391-CR,5,2.5,20.585,102.925,R,D,Sangat Laris
DGC-21813-731,4/27/2022,43606-83072-OA,2,0.2,3.885,7.77,L,D,Kurang Laris
JBE-92943-643,12/29/2020,84466-22864-CE,5,2.5,27.945,139.725,E,D,Sangat Laris
ZIL-34948-499,7/14/2020,66458-91190-YC,2,0.5,5.97,11.94,A,D,Kurang Laris
JSU-23781-256,9/7/2021,76499-89100-JQ,1,0.2,3.885,3.885,L,D,Kurang Laris
JSU-23781-256,9/7/2021,76499-89100-JQ,4,1,9.95,39.8,R,M,Sangat Laris
VPX-44956-367,6/9/2019,39582-35773-ZJ,5,0.5,5.97,29.85,R,M,Sangat Laris
VTB-46451-959,10/25/2020,66240-46962-IO,1,2.5,29.785,29.785,L,D,Cukup Laris
DNZ-11665-950,2/28/2021,10637-45522-ID,2,2.5,36.455,72.91,L,L,Sangat Laris
ITR-54735-364,7/26/2020,92599-58687-CS,5,0.2,2.685,13.425,R,D,Kurang Laris
YDS-02797-307,6/5/2022,06058-48844-PI,4,2.5,31.625,126.5,E,M,Sangat Laris
BPG-68988-842,2/21/2019,53631-24432-SY,5,0.5,8.25,41.25,E,M,Sangat Laris
XZG-51938-658,4/5/2020,18275-73980-KL,6,0.5,8.91,53.46,E,L,Sangat Laris
KAR-24978-271,1/10/2019,23187-65750-HZ,6,1,9.95,59.7,R,M,Sangat Laris
FQK-28730-361,4/12/2022,22725-79522-GP,6,1,9.95,59.7,R,M,Sangat Laris
BGB-67996-089,1/30/2022,06279-72603-JE,5,1,8.95,44.75,R,D,Sangat Laris
XMC-20620-809,5/14/2021,83543-79246-ON,2,0.5,8.25,16.5,E,M,Cukup Laris
ZSO-58292-191,6/12/2022,66794-66795-VW,4,0.5,5.37,21.48,R,D,Cukup Laris
LWJ-06793-303,1/2/2022,95424-67020-AP,2,2.5,22.885,45.77,R,M,Sangat Laris
FLM-82229-989,1/24/2022,73017-69644-MS,2,0.2,4.755,9.51,L,L,Kurang Laris
CPV-90280-133,3/20/2019,66458-91190-YC,3,0.2,2.685,8.055,R,D,Kurang Laris
OGW-60685-912,11/21/2020,67423-10113-LM,4,2.5,27.945,111.78,E,D,Sangat Laris
DEC-11160-362,10/13/2021,48582-05061-RY,4,0.2,2.685,10.74,R,D,Kurang Laris
WCT-07869-499,10/19/2021,32031-49093-KE,5,0.5,5.37,26.85,R,D,Cukup Laris
FHD-89872-325,4/29/2019,31715-98714-OO,4,1,15.85,63.4,L,L,Sangat Laris
AZF-45991-584,10/12/2019,73759-17258-KA,1,2.5,22.885,22.885,A,D,Cukup Laris
MDG-14481-513,5/19/2021,64897-79178-MH,4,2.5,25.875,103.5,A,M,Sangat Laris
OFN-49424-848,7/3/2021,73346-85564-JB,2,2.5,27.485,54.97,R,L,Sangat Laris
NFA-03411-746,2/8/2020,07476-13102-NJ,2,0.5,7.77,15.54,A,L,Kurang Laris
CYM-74988-450,10/16/2020,87223-37422-SK,4,0.2,3.885,15.54,L,D,Kurang Laris
WTV-24996-658,10/23/2020,57837-15577-YK,3,2.5,27.945,83.835,E,D,Sangat Laris
DSL-69915-544,3/10/2021,10142-55267-YO,3,0.2,3.585,10.755,R,L,Kurang Laris
NBT-35757-542,7/7/2021,73647-66148-VM,3,0.2,4.455,13.365,E,L,Kurang Laris
OYU-25085-528,2/5/2021,10142-55267-YO,4,0.2,4.455,17.82,E,L,Cukup Laris
XCG-07109-195,12/11/2020,92976-19453-DT,6,0.2,3.885,23.31,L,D,Cukup Laris
YZA-25234-630,5/13/2022,89757-51438-HX,2,0.2,3.645,7.29,E,D,Kurang Laris
OKU-29966-417,10/23/2019,76192-13390-HZ,4,0.2,4.455,17.82,E,L,Cukup Laris
MEX-29350-659,9/11/2020,02009-87294-SY,5,1,13.75,68.75,E,M,Sangat Laris
NOY-99738-977,9/29/2019,82872-34456-LJ,2,2.5,27.485,54.97,R,L,Sangat Laris
TCR-01064-030,3/3/2021,13181-04387-LI,6,1,13.75,82.5,E,M,Sangat Laris
YUL-42750-776,11/23/2021,24845-36117-TI,2,0.2,4.365,8.73,L,M,Kurang Laris
XQJ-86887-506,11/6/2021,66458-91190-YC,4,1,14.85,59.4,E,L,Sangat Laris
CUN-90044-279,1/29/2021,86646-65810-TD,4,0.2,3.885,15.54,L,D,Kurang Laris
ICC-73030-502,4/16/2022,59480-02795-IU,3,1,12.95,38.85,A,L,Sangat Laris
ADP-04506-084,7/24/2021,61809-87758-LJ,6,2.5,31.625,189.75,E,M,Sangat Laris
PNU-22150-408,8/11/2019,77408-43873-RS,6,0.2,2.985,17.91,A,D,Cukup Laris
VSQ-07182-513,7/23/2019,18366-65239-WF,6,0.2,4.755,28.53,L,L,Cukup Laris
SPF-31673-217,6/9/2020,19485-98072-PS,6,1,13.75,82.5,E,M,Sangat Laris
NEX-63825-598,2/22/2020,72072-33025-SD,2,0.5,7.17,14.34,R,L,Kurang Laris
XPG-66112-335,7/19/2020,58118-22461-GC,4,2.5,20.585,82.34,R,D,Sangat Laris
NSQ-72210-345,9/20/2021,90940-63327-DJ,6,0.2,3.375,20.25,A,M,Cukup Laris
XRR-28376-277,5/2/2021,64481-42546-II,6,2.5,27.485,164.91,R,L,Sangat Laris
WHQ-25197-475,11/26/2021,27536-28463-NJ,4,0.2,4.755,19.02,L,L,Cukup Laris
HMB-30634-745,2/18/2020,19485-98072-PS,6,2.5,22.885,137.31,A,D,Sangat Laris
XTL-68000-371,4/7/2020,70140-82812-KD,4,0.5,6.75,27,A,M,Cukup Laris
YES-51109-625,1/31/2022,91895-55605-LS,4,0.5,8.91,35.64,E,L,Sangat Laris
EAY-89850-211,2/19/2019,43155-71724-XP,2,0.2,2.985,5.97,A,D,Kurang Laris
IOQ-84840-827,11/12/2019,32038-81174-JF,6,1,11.25,67.5,A,M,Sangat Laris
FBD-56220-430,5/16/2022,59205-20324-NB,6,0.2,3.585,21.51,R,L,Cukup Laris
COV-52659-202,2/12/2021,99899-54612-NX,2,2.5,33.465,66.93,L,M,Sangat Laris
YUO-76652-814,4/4/2021,26248-84194-FI,6,0.2,2.985,17.91,A,D,Cukup Laris
PBT-36926-102,8/2/2021,19485-98072-PS,4,1,14.55,58.2,L,M,Sangat Laris
BLV-60087-454,6/8/2022,84493-71314-WX,3,0.2,4.455,13.365,E,L,Kurang Laris
BLV-60087-454,6/8/2022,84493-71314-WX,5,0.5,6.75,33.75,A,M,Sangat Laris
QYC-63914-195,5/14/2020,39789-43945-IV,3,1,14.85,44.55,E,L,Sangat Laris
OIB-77163-890,12/25/2020,38972-89678-ZM,5,0.5,8.91,44.55,E,L,Sangat Laris
SGS-87525-238,7/5/2021,91465-84526-IJ,5,1,12.15,60.75,E,D,Sangat Laris
GQR-12490-152,3/14/2019,22832-98538-RB,1,0.2,3.585,3.585,R,L,Kurang Laris
UOJ-28238-299,3/7/2021,30844-91890-ZA,6,0.2,3.585,21.51,R,L,Cukup Laris
ETD-58130-674,11/5/2021,05325-97750-WP,2,0.5,8.25,16.5,E,M,Cukup Laris
UPF-60123-025,2/6/2020,88992-49081-AT,3,2.5,27.485,82.455,R,L,Sangat Laris
NQS-01613-687,3/12/2021,10204-31464-SA,1,0.5,7.77,7.77,L,D,Kurang Laris
MGH-36050-573,8/3/2020,75156-80911-YT,2,0.5,5.97,11.94,R,M,Kurang Laris
UVF-59322-459,7/25/2019,53971-49906-PZ,6,2.5,34.155,204.93,E,L,Sangat Laris
VET-41158-896,4/29/2020,10728-17633-ST,2,2.5,31.625,63.25,E,M,Sangat Laris
XYL-52196-459,5/2/2019,13549-65017-VE,3,0.2,2.685,8.055,R,D,Kurang Laris
BPZ-51283-916,8/29/2021,87688-42420-TO,2,2.5,25.875,51.75,A,M,Sangat Laris
VQW-91903-926,3/13/2020,05325-97750-WP,1,2.5,27.945,27.945,E,D,Cukup Laris
OLF-77983-457,2/16/2019,51901-35210-UI,2,2.5,29.785,59.57,A,L,Sangat Laris
MVI-04946-827,11/27/2021,62483-50867-OM,1,1,14.85,14.85,E,L,Kurang Laris
UOG-94188-104,11/23/2021,92753-50029-SD,5,0.5,6.75,33.75,A,M,Sangat Laris
DSN-15872-519,12/2/2021,53809-98498-SN,4,2.5,36.455,145.82,L,L,Sangat Laris
OUQ-73954-002,1/6/2019,66308-13503-KD,4,0.2,2.985,11.94,R,M,Kurang Laris
LGL-16843-667,5/5/2021,82458-87830-JE,4,0.2,2.985,11.94,A,D,Kurang Laris
TCC-89722-031,10/23/2021,41611-34336-WT,1,0.5,7.77,7.77,L,D,Kurang Laris
TRA-79507-007,12/16/2019,70089-27418-UJ,4,2.5,27.485,109.94,R,L,Sangat Laris
MZJ-77284-941,5/18/2019,99978-56910-BN,5,0.2,4.455,22.275,E,L,Cukup Laris
AXN-57779-891,7/14/2019,09668-23340-IC,3,0.2,2.985,8.955,R,M,Kurang Laris
PJB-15659-994,11/13/2020,39457-62611-YK,4,2.5,29.785,119.14,L,D,Sangat Laris
LTS-03470-353,7/16/2020,90985-89807-RW,5,2.5,29.785,148.925,A,L,Sangat Laris
UMM-28497-689,11/3/2020,05325-97750-WP,3,2.5,36.455,109.365,L,L,Sangat Laris
MJZ-93232-402,3/20/2022,17816-67941-ZS,1,0.2,3.645,3.645,E,D,Kurang Laris
UHW-74617-126,2/16/2022,90816-65619-LM,2,2.5,27.945,55.89,E,D,Sangat Laris
RIK-61730-794,11/12/2020,69761-61146-KD,6,0.2,4.365,26.19,L,M,Cukup Laris
IDJ-55379-750,10/5/2019,24040-20817-QB,4,1,9.95,39.8,R,M,Sangat Laris
OHX-11953-965,10/1/2019,19524-21432-XP,2,2.5,34.155,68.31,E,L,Sangat Laris
TVV-42245-088,3/6/2020,14398-43114-RV,4,0.2,3.375,13.5,A,M,Kurang Laris
DYP-74337-787,10/23/2019,41486-52502-QQ,1,0.5,5.97,5.97,R,M,Kurang Laris
OKA-93124-100,4/23/2020,05325-97750-WP,5,0.5,5.97,29.85,R,M,Sangat Laris
IXW-20780-268,6/24/2020,20236-64364-QL,2,2.5,36.455,72.91,L,L,Sangat Laris
NGG-24006-937,3/16/2021,29102-40100-TZ,4,2.5,31.625,126.5,E,M,Sangat Laris
JZC-31180-557,4/7/2020,09171-42203-EB,1,2.5,33.465,33.465,L,M,Sangat Laris
ZMU-63715-204,9/30/2021,29060-75856-UI,6,1,12.15,72.9,E,D,Sangat Laris
GND-08192-056,5/1/2022,17088-16989-PL,2,0.5,7.77,15.54,L,D,Kurang Laris
RYY-38961-093,1/21/2021,14756-18321-CL,6,0.2,3.375,20.25,A,M,Cukup Laris
CVA-64996-969,6/24/2020,13324-78688-MI,6,1,12.95,77.7,A,L,Sangat Laris
XTH-67276-442,3/3/2019,73799-04749-BM,4,2.5,33.465,133.86,L,M,Sangat Laris
PVU-02950-470,1/28/2021,01927-46702-YT,1,1,12.15,12.15,E,D,Kurang Laris
XSN-26809-910,6/28/2020,80467-17137-TO,2,2.5,31.625,63.25,E,M,Sangat Laris
UDN-88321-005,7/5/2020,14640-87215-BK,5,0.5,7.17,35.85,R,L,Sangat Laris
EXP-21628-670,3/2/2019,94447-35885-HK,3,2.5,25.875,77.625,A,M,Sangat Laris
VGM-24161-361,5/1/2022,71034-49694-CS,2,2.5,31.625,63.25,E,M,Sangat Laris
PKN-19556-918,4/29/2022,00445-42781-KX,6,0.2,4.455,26.73,E,L,Cukup Laris
PKN-19556-918,4/29/2022,00445-42781-KX,4,0.5,7.77,31.08,L,D,Sangat Laris
PKN-19556-918,4/29/2022,00445-42781-KX,1,0.2,2.985,2.985,A,D,Kurang Laris
PKN-19556-918,4/29/2022,00445-42781-KX,5,2.5,20.585,102.925,R,D,Sangat Laris
DXQ-44537-297,8/6/2020,96116-24737-LV,4,0.5,8.91,35.64,E,L,Sangat Laris
BPC-54727-307,12/21/2019,18684-73088-YL,4,1,11.95,47.8,R,L,Sangat Laris
KSH-47717-456,4/19/2020,74671-55639-TU,3,1,14.55,43.65,L,M,Sangat Laris
ANK-59436-446,1/17/2022,17488-65879-XL,4,0.5,8.91,35.64,E,L,Sangat Laris
AYY-83051-752,1/22/2019,46431-09298-OU,6,1,15.85,95.1,L,L,Sangat Laris
CSW-59644-267,2/28/2020,60378-26473-FE,1,2.5,31.625,31.625,E,M,Sangat Laris
ITY-92466-909,8/7/2019,34927-68586-ZV,3,2.5,25.875,77.625,A,M,Sangat Laris
IGW-04801-466,5/15/2021,29051-27555-GD,1,0.2,3.885,3.885,L,D,Kurang Laris
LJN-34281-921,12/17/2021,52143-35672-JF,5,2.5,27.485,137.425,R,L,Sangat Laris
BWZ-46364-547,9/9/2021,64918-67725-MN,3,1,11.95,35.85,R,L,Sangat Laris
SBC-95710-706,2/19/2020,85634-61759-ND,2,0.2,4.125,8.25,E,M,Kurang Laris
WRN-55114-031,6/29/2020,40180-22940-QB,3,2.5,34.155,102.465,E,L,Sangat Laris
TZU-64255-831,5/13/2022,34666-76738-SQ,2,2.5,20.585,41.17,R,D,Sangat Laris
JVF-91003-729,10/2/2020,98536-88616-FF,3,2.5,22.885,68.655,A,D,Sangat Laris
MVB-22135-665,12/2/2021,55621-06130-SA,1,1,9.95,9.95,A,D,Kurang Laris
CKS-47815-571,11/2/2021,45666-86771-EH,3,0.5,9.51,28.53,L,L,Cukup Laris
OAW-17338-101,2/23/2020,52143-35672-JF,6,0.2,2.685,16.11,R,D,Cukup Laris
ALP-37623-536,7/3/2020,24689-69376-XX,6,1,15.85,95.1,L,L,Sangat Laris
WMU-87639-108,2/11/2019,71891-51101-VQ,1,0.5,5.37,5.37,R,D,Kurang Laris
USN-44968-231,9/10/2020,71749-05400-CN,4,1,11.95,47.8,R,L,Sangat Laris
YZG-20575-451,3/2/2020,64845-00270-NO,4,1,15.85,63.4,L,L,Sangat Laris
HTH-52867-812,6/28/2021,29851-36402-UX,4,2.5,25.875,103.5,A,M,Sangat Laris
FWU-44971-444,1/11/2019,12190-25421-WM,3,2.5,22.885,68.655,A,D,Sangat Laris
EQI-82205-066,9/20/2019,52316-30571-GD,2,2.5,22.885,45.77,R,M,Sangat Laris
NAR-00747-074,10/16/2021,23243-92649-RY,4,1,12.95,51.8,L,D,Sangat Laris
JYR-22052-185,1/1/2020,39528-19971-OR,2,0.5,6.75,13.5,A,M,Kurang Laris
XKO-54097-932,3/10/2022,32743-78448-KT,3,0.5,8.25,24.75,E,M,Cukup Laris
HXA-72415-025,5/12/2022,93417-12322-YB,2,2.5,22.885,45.77,A,D,Sangat Laris
MJF-20065-335,9/10/2020,56891-86662-UY,6,0.5,8.91,53.46,E,L,Sangat Laris
GFI-83300-059,10/16/2021,40414-26467-VE,6,0.2,3.375,20.25,A,M,Cukup Laris
WJR-51493-682,6/17/2021,87858-83734-RK,5,2.5,29.785,148.925,L,D,Sangat Laris
SHP-55648-472,3/30/2019,46818-20198-GB,6,1,11.25,67.5,A,M,Sangat Laris
HYR-03455-684,12/19/2021,29808-89098-XD,6,1,12.15,72.9,E,D,Sangat Laris
HYR-03455-684,12/19/2021,29808-89098-XD,2,0.2,3.885,7.77,L,D,Kurang Laris
HUG-52766-375,6/5/2020,78786-77449-RQ,4,2.5,22.885,91.54,A,D,Sangat Laris
DAH-46595-917,9/12/2021,27878-42224-QF,6,1,9.95,59.7,A,D,Sangat Laris
VEM-79839-466,3/16/2022,32743-78448-KT,5,2.5,27.485,137.425,R,L,Sangat Laris
OWH-11126-533,12/21/2021,25331-13794-SB,2,2.5,33.465,66.93,L,M,Sangat Laris
UMT-26130-151,5/21/2019,55864-37682-GQ,3,0.2,4.365,13.095,L,M,Kurang Laris
JKA-27899-806,10/26/2021,97005-25609-CQ,5,1,11.95,59.75,R,L,Sangat Laris
ULU-07744-724,3/26/2020,94058-95794-IJ,5,0.5,8.73,43.65,L,M,Sangat Laris
NOM-56457-507,10/14/2020,40214-03678-GU,6,1,13.75,82.5,E,M,Sangat Laris
NZN-71683-705,12/13/2021,04921-85445-SL,6,2.5,29.785,178.71,A,L,Sangat Laris
WMA-34232-850,3/8/2021,53386-94266-LJ,4,2.5,29.785,119.14,L,D,Sangat Laris
EZL-27919-704,1/21/2021,49480-85909-DG,5,0.5,9.51,47.55,L,L,Sangat Laris
ZYU-11345-774,1/10/2021,18293-78136-MN,5,0.5,8.73,43.65,L,M,Sangat Laris
CPW-34587-459,3/26/2021,84641-67384-TD,6,2.5,29.785,178.71,A,L,Sangat Laris
NQZ-82067-394,3/25/2022,72320-29738-EB,1,2.5,27.485,27.485,R,L,Cukup Laris
JBW-95055-851,7/22/2021,47355-97488-XS,5,1,11.25,56.25,A,M,Sangat Laris
AHY-20324-088,9/6/2020,63499-24884-PP,2,0.2,4.755,9.51,L,L,Kurang Laris
ZSL-66684-103,12/28/2019,39193-51770-FM,2,0.2,4.125,8.25,E,M,Kurang Laris
WNE-73911-475,4/20/2020,61323-91967-GG,6,0.5,7.77,46.62,L,D,Sangat Laris
EZB-68383-559,2/21/2019,90123-01967-KS,6,1,11.95,71.7,R,L,Sangat Laris
OVO-01283-090,3/17/2022,15958-25089-OS,2,2.5,36.455,72.91,L,L,Sangat Laris
TXH-78646-919,5/14/2021,98430-37820-UV,3,0.2,2.685,8.055,R,D,Kurang Laris
CYZ-37122-164,1/6/2019,21798-04171-XC,2,0.5,8.25,16.5,E,M,Cukup Laris
AGQ-06534-750,4/24/2019,52798-46508-HP,5,1,12.95,64.75,A,L,Sangat Laris
QVL-32245-818,5/30/2021,46478-42970-EM,5,0.5,6.75,33.75,A,M,Sangat Laris
LTD-96842-834,7/12/2022,00246-15080-LE,6,2.5,29.785,178.71,L,D,Sangat Laris
SEC-91807-425,1/31/2021,94091-86957-HX,2,1,11.25,22.5,A,M,Cukup Laris
MHM-44857-599,9/12/2019,26295-44907-DK,1,1,12.95,12.95,L,D,Kurang Laris
KGC-95046-911,6/30/2020,95351-96177-QV,2,2.5,25.875,51.75,A,M,Sangat Laris
RZC-75150-413,3/25/2020,92204-96636-BS,5,0.5,7.29,36.45,E,D,Sangat Laris
EYH-88288-452,4/14/2021,03010-30348-UA,5,2.5,36.455,182.275,L,L,Sangat Laris
NYQ-24237-772,8/16/2019,13441-34686-SW,4,0.5,7.77,31.08,L,D,Sangat Laris
WKB-21680-566,12/17/2021,96612-41722-VJ,3,0.5,6.75,20.25,A,M,Cukup Laris
THE-61147-027,12/31/2019,94091-86957-HX,2,1,12.95,25.9,L,D,Cukup Laris
PTY-86420-119,4/12/2021,25504-41681-WA,4,0.5,5.97,23.88,A,D,Cukup Laris
QHL-27188-431,9/28/2019,75443-07820-DZ,2,0.5,9.51,19.02,L,L,Cukup Laris
MIS-54381-047,6/15/2022,39276-95489-XV,5,0.5,5.97,29.85,A,D,Sangat Laris
TBB-29780-459,7/15/2019,61437-83623-PZ,1,0.5,7.77,7.77,A,L,Kurang Laris
QLC-52637-305,2/10/2019,34317-87258-HQ,4,2.5,29.785,119.14,L,D,Sangat Laris
CWT-27056-328,6/4/2022,18570-80998-ZS,6,0.2,3.645,21.87,E,D,Cukup Laris
ASS-05878-128,10/10/2020,66580-33745-OQ,2,0.5,8.91,17.82,E,L,Cukup Laris
EGK-03027-418,6/6/2021,19820-29285-FD,3,0.2,4.125,12.375,E,M,Kurang Laris
KCY-61732-849,3/16/2019,11349-55147-SN,2,1,12.95,25.9,L,D,Cukup Laris
BLI-21697-702,12/5/2019,21141-12455-VB,2,0.5,6.75,13.5,A,M,Kurang Laris
KFJ-46568-890,1/20/2019,71003-85639-HB,2,0.5,8.91,17.82,E,L,Cukup Laris
SOK-43535-680,4/4/2022,58443-95866-YO,3,0.5,8.25,24.75,E,M,Cukup Laris
XUE-87260-201,2/8/2022,89646-21249-OH,6,0.2,2.985,17.91,R,M,Cukup Laris
CZF-40873-691,6/30/2019,64988-20636-XQ,2,0.5,8.25,16.5,E,M,Cukup Laris
AIA-98989-755,5/9/2020,34704-83143-KS,1,0.2,2.985,2.985,R,M,Kurang Laris
ITZ-21793-986,6/11/2021,67388-17544-XX,4,0.2,3.645,14.58,E,D,Kurang Laris
YOK-93322-608,11/4/2021,69411-48470-ID,6,1,14.85,89.1,E,L,Sangat Laris
LXK-00634-611,2/20/2022,94091-86957-HX,3,1,11.95,35.85,R,L,Sangat Laris
CQW-37388-302,7/3/2019,97741-98924-KT,3,2.5,22.885,68.655,A,D,Sangat Laris
SPA-79365-334,6/1/2021,79857-78167-KO,3,1,12.95,38.85,L,D,Sangat Laris
VPX-08817-517,11/15/2020,46963-10322-ZA,5,1,15.85,79.25,L,L,Sangat Laris
PBP-87115-410,1/19/2021,93812-74772-MV,5,0.5,7.29,36.45,E,D,Sangat Laris
SFB-93752-440,10/10/2021,48203-23480-UB,3,0.2,2.985,8.955,R,M,Kurang Laris
TBU-65158-068,2/28/2022,60357-65386-RD,2,1,12.15,24.3,E,D,Cukup Laris
TEH-08414-216,10/1/2021,35099-13971-JI,2,2.5,31.625,63.25,E,M,Sangat Laris
MAY-77231-536,9/2/2020,01304-59807-OB,2,0.2,3.375,6.75,A,M,Kurang Laris
ATY-28980-884,7/31/2020,50705-17295-NK,6,0.2,3.885,23.31,A,L,Cukup Laris
SWP-88281-918,1/10/2022,77657-61366-FY,4,2.5,36.455,145.82,L,L,Sangat Laris
VCE-56531-986,3/9/2021,57192-13428-PL,5,0.5,5.97,29.85,R,M,Sangat Laris
FVV-75700-005,11/20/2020,24891-77957-LU,3,0.5,7.29,21.87,E,D,Cukup Laris
CFZ-53492-600,3/14/2022,64896-18468-BT,1,0.2,4.365,4.365,L,M,Kurang Laris
LDK-71031-121,1/10/2019,84761-40784-SV,1,2.5,36.455,36.455,L,L,Sangat Laris
EBA-82404-343,1/26/2021,20236-42322-CM,4,0.2,3.885,15.54,L,D,Kurang Laris
USA-42811-560,4/26/2021,49671-11547-WG,2,0.2,4.455,8.91,E,L,Kurang Laris
SNL-83703-516,1/4/2022,57976-33535-WK,3,2.5,33.465,100.395,L,M,Sangat Laris
SUZ-83036-175,8/20/2019,55915-19477-MK,5,0.2,2.685,13.425,R,D,Kurang Laris
RGM-01187-513,7/15/2022,28121-11641-UA,6,0.2,3.645,21.87,E,D,Cukup Laris
CZG-01299-952,2/12/2019,09540-70637-EV,2,1,12.95,25.9,L,D,Cukup Laris
KLD-88731-484,9/8/2021,17775-77072-PP,5,1,11.25,56.25,A,M,Sangat Laris
BQK-38412-229,12/13/2019,90392-73338-BC,3,0.2,3.585,10.755,R,L,Kurang Laris
TCX-76953-071,8/25/2021,94091-86957-HX,5,0.2,3.645,18.225,E,D,Cukup Laris
LIN-88046-551,3/23/2022,10725-45724-CO,4,0.5,7.17,28.68,R,L,Cukup Laris
PMV-54491-220,4/11/2019,87242-18006-IR,2,0.2,4.365,8.73,L,M,Kurang Laris
SKA-73676-005,10/29/2020,36572-91896-PP,4,1,14.55,58.2,L,M,Sangat Laris
TKH-62197-239,7/30/2020,25181-97933-UX,3,0.5,5.97,17.91,A,D,Cukup Laris
YXF-57218-272,3/15/2019,55374-03175-IA,6,0.2,2.985,17.91,R,M,Cukup Laris
PKJ-30083-501,12/27/2021,76948-43532-JS,2,0.5,7.29,14.58,E,D,Kurang Laris
WTT-91832-645,10/3/2019,24344-88599-PP,3,1,11.25,33.75,A,M,Sangat Laris
TRZ-94735-865,2/5/2019,54462-58311-YF,4,0.5,8.73,34.92,L,M,Sangat Laris
UDB-09651-780,8/31/2020,90767-92589-LV,2,0.5,7.29,14.58,E,D,Kurang Laris
EHJ-82097-549,1/13/2021,27517-43747-YD,2,0.2,2.685,5.37,R,D,Kurang Laris
ZFR-79447-696,3/22/2021,77828-66867-KH,1,0.5,5.97,5.97,R,M,Kurang Laris
NUU-03893-975,1/17/2020,41054-59693-XE,2,0.5,9.51,19.02,L,L,Cukup Laris
GVG-59542-307,7/2/2019,26314-66792-VP,2,1,13.75,27.5,E,M,Cukup Laris
YLY-35287-172,5/23/2022,69410-04668-MA,5,0.5,5.97,29.85,A,D,Sangat Laris
DCI-96254-548,6/14/2022,94091-86957-HX,6,0.2,2.985,17.91,A,D,Cukup Laris
KHZ-26264-253,7/20/2021,24972-55878-KX,6,0.2,4.755,28.53,L,L,Cukup Laris
AAQ-13644-699,6/3/2022,46296-42617-OQ,4,1,8.95,35.8,R,D,Sangat Laris
LWL-68108-794,5/26/2020,44494-89923-UW,3,0.5,5.97,17.91,A,D,Cukup Laris
JQT-14347-517,7/26/2019,11621-09964-ID,1,1,8.95,8.95,R,D,Kurang Laris
BMM-86471-923,10/22/2020,76319-80715-II,1,2.5,29.785,29.785,L,D,Cukup Laris
IXU-67272-326,12/24/2020,91654-79216-IC,5,0.5,8.91,44.55,E,L,Sangat Laris
ITE-28312-615,9/6/2019,56450-21890-HK,6,1,14.85,89.1,E,L,Sangat Laris
ZHQ-30471-635,4/8/2019,40600-58915-WZ,5,0.5,8.73,43.65,L,M,Sangat Laris
LTP-31133-134,1/26/2022,66527-94478-PB,3,0.5,7.77,23.31,A,L,Cukup Laris
ZVQ-26122-859,11/28/2019,77154-45038-IH,6,2.5,29.785,178.71,A,L,Sangat Laris
MIU-01481-194,7/21/2019,08439-55669-AI,6,1,9.95,59.7,R,M,Sangat Laris
MIU-01481-194,7/21/2019,08439-55669-AI,2,0.5,7.77,15.54,A,L,Kurang Laris
UEA-72681-629,3/12/2021,24972-55878-KX,3,2.5,29.785,89.355,A,L,Sangat Laris
CVE-15042-481,1/1/2022,24972-55878-KX,2,1,11.95,23.9,R,L,Cukup Laris
EJA-79176-833,3/22/2020,91509-62250-GN,6,2.5,22.885,137.31,R,M,Sangat Laris
AHQ-40440-522,9/18/2020,83833-46106-ZC,1,1,9.95,9.95,A,D,Kurang Laris
TID-21626-411,1/3/2019,19383-33606-PW,3,0.5,7.17,21.51,R,L,Cukup Laris
RSR-96390-187,9/29/2021,67052-76184-CB,6,1,13.75,82.5,E,M,Sangat Laris
BZE-96093-118,10/19/2021,43452-18035-DH,2,0.2,4.365,8.73,L,M,Kurang Laris
LOU-41819-242,7/14/2022,88060-50676-MV,2,1,9.95,19.9,R,M,Cukup Laris
FND-99527-640,7/19/2021,89574-96203-EP,2,0.5,8.91,17.82,E,L,Cukup Laris
ASG-27179-958,12/10/2021,12607-75113-UV,3,0.5,6.75,20.25,A,M,Cukup Laris
YKX-23510-272,3/17/2019,56991-05510-PR,2,2.5,29.785,59.57,A,L,Sangat Laris
FSA-98650-921,2/28/2020,01841-48191-NL,2,0.5,9.51,19.02,L,L,Cukup Laris
ZUR-55774-294,6/3/2020,33269-10023-CO,6,1,12.95,77.7,L,D,Sangat Laris
FUO-99821-974,2/22/2020,31245-81098-PJ,3,1,13.75,41.25,E,M,Sangat Laris
YVH-19865-819,11/9/2019,08946-56610-IH,4,2.5,36.455,145.82,L,L,Sangat Laris
NNF-47422-501,3/7/2020,20260-32948-EB,6,0.2,4.455,26.73,E,L,Cukup Laris
RJI-71409-490,4/26/2021,31613-41626-KX,5,0.5,8.73,43.65,L,M,Sangat Laris
UZL-46108-213,11/11/2021,75961-20170-RD,2,1,15.85,31.7,L,L,Sangat Laris
AOX-44467-109,6/15/2021,72524-06410-KD,1,2.5,22.885,22.885,A,D,Cukup Laris
TZD-67261-174,2/27/2020,01841-48191-NL,1,2.5,27.945,27.945,E,D,Cukup Laris
TBU-64277-625,4/19/2021,98918-34330-GY,6,1,13.75,82.5,E,M,Sangat Laris
TYP-85767-944,7/29/2022,51497-50894-WU,2,2.5,22.885,45.77,R,M,Sangat Laris
GTT-73214-334,1/20/2019,98636-90072-YE,6,1,12.95,77.7,A,L,Sangat Laris
WAI-89905-069,2/21/2022,47011-57815-HJ,3,0.5,7.77,23.31,A,L,Cukup Laris
OJL-96844-459,5/3/2020,61253-98356-VD,5,0.2,4.755,23.775,L,L,Cukup Laris
VGI-33205-360,3/21/2019,96762-10814-DA,6,0.5,8.73,52.38,L,M,Sangat Laris
PCA-14081-576,6/13/2019,63112-10870-LC,5,0.2,3.585,17.925,R,L,Cukup Laris
SCS-67069-962,6/5/2020,21403-49423-PD,5,2.5,29.785,148.925,A,L,Sangat Laris
BDM-03174-485,3/16/2019,29581-13303-VB,4,0.5,7.17,28.68,R,L,Cukup Laris
UJV-32333-364,12/3/2021,86110-83695-YS,1,0.5,9.51,9.51,L,L,Kurang Laris
FLI-11493-954,7/9/2022,80454-42225-FT,4,0.5,7.77,31.08,A,L,Sangat Laris
IWL-13117-537,4/29/2020,29129-60664-KO,3,0.2,2.685,8.055,R,D,Kurang Laris
OAM-76916-748,1/27/2022,63025-62939-AN,3,1,12.15,36.45,E,D,Sangat Laris
